<?xml version="1.0" encoding="UTF-8"?><collection xmlns="http://www.loc.gov/MARC21/slim"><record><leader>00577nam--2200169-u-4500</leader><controlfield tag="001">000051787</controlfield><controlfield tag="002">20161230</controlfield><controlfield tag="005">20161230201049</controlfield><controlfield tag="008">081014s1000------------r-----000-0-eng-d</controlfield><datafield ind1=" " ind2=" " tag="040"><subfield code="a">IFIN-HH</subfield></datafield><datafield ind1=" " ind2=" " tag="080"><subfield code="a">517.9</subfield></datafield><datafield ind1="1" ind2=" " tag="100"><subfield code="a">Osborn,Thomas Arthur</subfield></datafield><datafield ind1="1" ind2="0" tag="245"><subfield code="a">A Dissertation Submitted to the Department of Physics and the Committee on the Graduate Division of Stanford University in Partial Fulfillment of the Requirements for the degree of Doctor of Philosophy.Thesis</subfield></datafield><datafield ind1=" " ind2=" " tag="260"><subfield code="a">Michigan</subfield><subfield code="c">1968</subfield></datafield><datafield ind1=" " ind2=" " tag="300"><subfield code="a">125 p</subfield></datafield><datafield ind1=" " ind2=" " tag="852"><subfield code="a">35582</subfield><subfield code="c">517.9</subfield></datafield><datafield ind1=" " ind2=" " tag="CAT"><subfield code="a">Sys</subfield><subfield code="c">20081014</subfield><subfield code="h">090607</subfield></datafield></record></collection>